@inproceedings{krle_article,
author = {Pamba Capo-Chichi, Eugene and Guyennet, Herve and Friedt, Jean},
year = {2009},
month = {07},
pages = {502 - 507},
title = {K-RLE: A new Data Compression Algorithm for Wireless Sensor Network},
doi = {10.1109/SENSORCOMM.2009.84}
}